@article{sonia:point,
	Author = {Sonia B and Toto C and Herman D},
	Journal = {Point de croix magazine},
	Month = jan,
	Number = {2},
	Pages = {112--119},
	Title = {Les torchons brod{\'e}s},
	Volume = {24},
	Year = {2008}}

@phdthesis{bogdanoff:these,
	Author = {Igor Bogdanoff},
	Month = jul,
	School = {Laboratoire de Math{\'e}matiques, Universit{\'e} de Bourgogne},
	Title = {\'Etat topologique de l'espace temps \`a \'echelle 0},
	Year = {2002}}
