@article{linkgrammar:paper,
  Author = {Daniel Sleator and Davy Temperley},
  School = {Carnegie Mellon University, Columbia University},
  Title = {Parsing English with a Link Grammar},
  Year = {1993}}

@article{ratinov:paper,
  Author = {L. Ratinov and D. Roth},
  School = {University of Illinois},
  Title = {Design Challenges and Misconceptions in Named Entity Recognition},
  Year = {2009}}

@article{learning;paper,
    Author = {Xin Li and Dan Roth},
    School = {University of Illinois},
    Title = {Learning question classifiers},
    Year = {2002}}

@article{solorio:paper,
    Author = {Thamar Solorio and al.},
    Title = {A Language Independent Method for Question ClassiÔ¨Åcation},
    Year = {2004}}

@article{charton:point,
    Author = {Eric Charton},
    Title = { },
    Year = {}}

@article{sonia:point,
	Author = {Sonia B and Toto C and Herman D},
	Journal = {Point de croix magazine},
	Month = jan,
	Number = {2},
	Pages = {112--119},
	Title = {Les torchons brod{\'e}s},
	Volume = {24},
	Year = {2008}}

@phdthesis{bogdanoff:these,
	Author = {Igor Bogdanoff},
	Month = jul,
	School = {Laboratoire de Math{\'e}matiques, Universit{\'e} de Bourgogne},
	Title = {\'Etat topologique de l'espace temps \`a \'echelle 0},
	Year = {2002}}

